@article{mesgarani08,
  author = {Mesgarani, Nima and David, S. V. and Fritz, J. B. and Shamma, S. A.},
  title = {Phoneme representation and classification in primary auditory cortex.},
  pages = {899--909},
  journal = {Journal of the Acoustical Society of America},
  volume = 123,
  number = 2,
  month = feb,
  year = 2008
}

@article{nilsen09,
  author = {Nilsen, K. E. and Russell, I. J.},
  title = {Timing of cochlear feedback: a spatial and temporal representation of a tone across the basilar membrane},
  journal = {Nature Neuroscience},
  volume = 2,
  pages = {642--648},
  doi = {10.1038/10197},
  year = 1999
}

@article{ruggero97,
  author = {Ruggero, Mario A. and Rich, Nola C. and Recio, Alberto and Narayan, S. Shyamla and Robles, Luis},
  title = {Basilar membrane responses to tones at the base of the chinchilla cochlea.},
  journal = {Journal of the Acoustical Society of America},
  year = 1997,
  pages = {2151--2163},
  volume = 101,
  number = 4,
  doi = {10.1121/1.418265}
}

@article{keolian97,
  author = {Robert M. Keolian},
  title = {A demonstration apparatus of the cochlea},
  journal = {Journal of the Acoustical Society of America},
  volume = 101,
  number= 2,
  doi = {10.1121/1.419497},
  pages = {1199--1201}
}

@incollection{hubbard96,
  year = 1996,
  address = {New York},
  publisher = {Springer-Verlag},
  volume = 6,
  pages={62--120},
  title={Analysis and synthesis of cochlear mechanical function using models},
  author={David C. Mountain and Allyn E. Hubbard},
  booktitle={Auditory Computation}
}

@article{hubbard06,
  year=2006,
  volume=119,
  number=1,
  journal={Journal of the Acoustical Society of America},
  doi = {10.1121/1.2141296},
  pages = {394--405},
  title={A hydromechanical biomimetic cochlea: experiments and models},
  author={Chen, Fangyi and Howard I. Cohen and Thomas G. Bifano and Jason Castle and Jeffrey Fortin and Christopher Kapusta and David C. Mountain and Aleks Zosuls and Allyn E. Hubbard},
}
